@book{mathfoundations2025,
  title={Mathematical foundations of automata theory},
  author={Pin, Jean-{\'E}ric},
  year={2025},
  language = {english},
  note = {(дата обращения: 15.06.2025)}
}

@misc{combobjects,
title = {Конспект algocode по перебору комбинаторных объектов},
url = {https://wiki.algocode.ru/index.php?title=Перебор_комбинаторных_объектов},
note = {(дата обращения: 30.09.2025)}
}

@misc{sccs,
title = {Конспект ИТМО по нахождению компонент сильной связности},
url = {https://neerc.ifmo.ru/wiki/index.php?title=Использование_обхода_в_глубину_для_поиска_компонент_сильной_связности},
note = {(дата обращения: 30.09.2025)}
}
